@article{r7,
  title={Spectrum Assignment in Cognitive Radio Networks: A Comprehensive Survey.},
  author={Tragos, Elias Z and Zeadally, Sherali and Fragkiadakis, Alexandros G and Siris, Vasilios A},
  journal={IEEE Communications Surveys and Tutorials},
  volume={15},
  number={3},
  pages={1108--1135},
  year={2013}
}

@article{r51,
  title={SHARP: spectrum harvesting with ARQ retransmission and probing in cognitive radio},
  author={Li, James CF and Zhang, Wei and Nosratinia, Aria and Yuan, Jinhong},
  journal={Communications, IEEE Transactions on},
  volume={61},
  number={3},
  pages={951--960},
  year={2013},
  publisher={IEEE}
}

@Article{r52,
  title={Spectrum harvesting and sharing in multi-hop crns under uncertain spectrum supply},
  author={Pan, Miao and Zhang, Chi and Li, Pan and Fang, Yuguang},
  journal={Selected Areas in Communications, IEEE Journal on},
  volume={30},
  number={2},
  pages={369--378},
  year={2012},
  publisher={IEEE}
}

@misc{r6,
  title = {{CRCN Simulator}},
  howpublished = "\url{http://faculty.uml.edu/Tricia_Chigan/Research/CRCN_Simulator.htm}",
  note = "[Online; last accessed January-2015]"
}

@article{r2,
  title={Experiences with a metropolitan multiradio wireless mesh network: design, performance, and application},
  author={Siris, Vasilios A and Tragos, Elias Z and Petroulakis, Nikolaos E},
  journal={Communications Magazine, IEEE},
  volume={50},
  number={7},
  pages={128--136},
  year={2012},
  publisher={IEEE}
}

@article{r13,
  title={Distributed spectrum assignment for cognitive networks with heterogeneous spectrum opportunities},
  author={Plummer, Anthony and Biswas, Subir},
  journal={Wireless Communications and Mobile Computing},
  volume={11},
  number={9},
  pages={1239--1253},
  year={2011},
  publisher={Wiley Online Library}
}


@article{r15,
  title={Cross-layer routing and dynamic spectrum allocation in cognitive radio ad hoc networks},
  author={Ding, Lei and Melodia, Tommaso and Batalama, Stella N and Matyjas, John D and Medley, Michael J},
  journal={Vehicular Technology, IEEE Transactions on},
  volume={59},
  number={4},
  pages={1969--1979},
  year={2010},
  publisher={IEEE}
}

@article{r9,
  title={Dynamic spectrum allocation algorithm with interference management in co-existing networks},
  author={Alnwaimi, Ghassan and Arshad, Kamran and Moessner, Klaus},
  journal={Communications Letters, IEEE},
  volume={15},
  number={9},
  pages={932--934},
  year={2011},
  publisher={IEEE}
}

@inproceedings{r10,
  title={Dynamic spectrum allocation in wireless cognitive sensor networks: Improving fairness and energy efficiency},
  author={Byun, Sang-Seon and Balasingham, Ilangko and Liang, Xuedong},
  booktitle={Vehicular Technology Conference, 2008. VTC 2008-Fall. IEEE 68th},
  pages={1--5},
  year={2008},
  organization={IEEE}
}

@inproceedings{r14,
  title={Distributed channel assignment in cognitive radio networks},
  author={Li, Xiukui and Zekavat, Seyed A Reza},
  booktitle={Proceedings of the 2009 International Conference on Wireless Communications and Mobile Computing: Connecting the World Wirelessly},
  pages={989--993},
  year={2009},
  organization={ACM}
}

@article{r17,
  title={Advances in cognitive radio networks: A survey},
  author={Wang, Beibei and Liu, KJ Ray},
  journal={Selected Topics in Signal Processing, IEEE Journal of},
  volume={5},
  number={1},
  pages={5--23},
  year={2011},
  publisher={IEEE}
}

@article{r18,
  title={A survey of dynamic spectrum access},
  author={Zhao, Qing and Sadler, Brian M},
  journal={Signal Processing Magazine, IEEE},
  volume={24},
  number={3},
  pages={79--89},
  year={2007},
  publisher={IEEE}
}

@article{r185,
  title={NeXt generation/dynamic spectrum access/cognitive radio wireless networks: a survey},
  author={Akyildiz, Ian F and Lee, Won-Yeol and Vuran, Mehmet C and Mohanty, Shantidev},
  journal={Computer Networks},
  volume={50},
  number={13},
  pages={2127--2159},
  year={2006},
  publisher={Elsevier}
}

@article{r186,
  title={A survey on spectrum management in cognitive radio networks},
  author={Akyildiz, Ian F and Lee, Won-Yeol and Vuran, Mehmet C and Mohanty, Shantidev},
  journal={Communications Magazine, IEEE},
  volume={46},
  number={4},
  pages={40--48},
  year={2008},
  publisher={IEEE}
}

@article{r1,
  title={Cognitive radio: brain-empowered wireless communications},
  author={Haykin, Simon},
  journal={Selected Areas in Communications, IEEE Journal on},
  volume={23},
  number={2},
  pages={201--220},
  year={2005},
  publisher={IEEE}
}

@inproceedings{r20,
  title={Receiver-Centric Channel Assignment Model and Algorithm in Cognitive Radio Network},
  author={Liu, Gan and Zhou, Liang and Xiao, Kan and Yu, Bo and Zhou, Guangxi and Wang, Biao and Zhu, Xu},
  booktitle={Wireless Communications, Networking and Mobile Computing, 2008. WiCOM'08. 4th International Conference on},
  pages={1--4},
  year={2008},
  organization={IEEE}
}

@inproceedings{r21,
  title={Maximizing spectrum utilization of cognitive radio networks using channel allocation and power control},
  author={Hoang, Anh Tuan and Liang, Ying-Chang},
  booktitle={Vehicular Technology Conference, 2006. VTC-2006 Fall. 2006 IEEE 64th},
  pages={1--5},
  year={2006},
  organization={IEEE}
}


@inproceedings{r22,
  title={A new mechanism of dynamic spectrum allocation in the cognitive network},
  author={Su, Xi and Yuan, Chaowei and Shen, Shuqun},
  booktitle={Wireless Communications, Networking and Mobile Computing, 2009. WiCom'09. 5th International Conference on},
  pages={1--4},
  year={2009},
  organization={IEEE}
}

@incollection{r24,
  title={Optimal channel and power allocation for secondary users in cooperative cognitive radio networks},
  author={Bkassiny, Mario and Jayaweera, Sudharman K},
  booktitle={Mobile Lightweight Wireless Systems},
  pages={180--191},
  year={2010},
  publisher={Springer}
}

@incollection{r25,
  title={A game theoretic approach to interference management in cognitive networks},
  author={Nie, Nie and Comaniciu, Cristina and Agrawal, Prathima},
  booktitle={Wireless Communications},
  pages={199--219},
  year={2007},
  publisher={Springer}
}

@article{r26,
  title={Adaptive channel allocation spectrum etiquette for cognitive radio networks},
  author={Nie, Nie and Comaniciu, Cristina},
  journal={Mobile networks and applications},
  volume={11},
  number={6},
  pages={779--797},
  year={2006},
  publisher={Springer-Verlag New York, Inc.}
}

@inproceedings{r27,
  title={Non-cooperative spectrum allocation based on game theory in cognitive radio networks},
  author={Li, Yi-Bing and Yang, Rui and Ye, Fang},
  booktitle={Bio-Inspired Computing: Theories and Applications (BIC-TA), 2010 IEEE Fifth International Conference on},
  pages={1134--1137},
  year={2010},
  organization={IEEE}
}

@article{r29,
  title={Spectrum auction framework for access allocation in cognitive radio networks},
  author={Kasbekar, Gaurav S and Sarkar, Saswati},
  journal={IEEE/ACM Transactions on Networking (TON)},
  volume={18},
  number={6},
  pages={1841--1854},
  year={2010},
  publisher={IEEE Press}
}


@inproceedings{r31,
  title={An auction framework for spectrum allocation with interference constraint in cognitive radio networks},
  author={Chen, Lin and Iellamo, Stefano and Coupechoux, Marceau and Godlewski, Philippe},
  booktitle={INFOCOM, 2010 Proceedings IEEE},
  pages={1--9},
  year={2010},
  organization={IEEE}
}

@article{r291,
  title={Game theory for cognitive radio networks: An overview},
  author={Wang, Beibei and Wu, Yongle and Liu, KJ},
  journal={Computer networks},
  volume={54},
  number={14},
  pages={2537--2561},
  year={2010},
  publisher={Elsevier}
}

@article{r292,
  title={Decentralized dynamic spectrum access for cognitive radios: cooperative design of a non-cooperative game},
  author={Maskery, Michael and Krishnamurthy, Vikram and Zhao, Qing},
  journal={Communications, IEEE Transactions on},
  volume={57},
  number={2},
  pages={459--469},
  year={2009},
  publisher={IEEE}
}

@article{r28,
  title={Auction theory: A guide to the literature},
  author={Klemperer, Paul},
  journal={Journal of economic surveys},
  volume={13},
  number={3},
  pages={227--286},
  year={1999},
  publisher={Wiley Online Library}
}

@article{r33,
  title={High throughput spectrum-aware routing for cognitive radio networks},
  author={Sampath, Ashwin and Yang, Lei and Cao, Lili and Zheng, Haitao and Zhao, Ben Y},
  journal={Proc. of IEEE Crowncom},
  year={2008}
}

@article{r30,
  title={Heuristics for solving fixed-channel assignment problems},
  author={Sandalidis, Harilaos G and Stavroulakis, Peter},
  journal={Handbook of wireless networks and mobile computing},
  pages={51},
  year={2002}
}


@inproceedings{r335,
  title={Heuristic spectrum assignment algorithm in distributed cognitive networks},
  author={Yu, Li and Liu, Cong and Liu, Zuhao and Hu, Wenyu},
  booktitle={Wireless Communications Networking and Mobile Computing (WiCOM), 2010 6th International Conference on},
  pages={1--5},
  year={2010},
  organization={IEEE}
}

@inproceedings{r34,
  title={Channel allocation for smooth video delivery over cognitive radio networks},
  author={Li, Sanying and Luan, Tom H and Shen, Xuemin},
  booktitle={Global Telecommunications Conference (GLOBECOM 2010), 2010 IEEE},
  pages={1--5},
  year={2010},
  organization={IEEE}
}

@article{r35,
  title={Cognitive radio spectrum allocation using evolutionary algorithms},
  author={Zhao, Zhijin and Peng, Zhen and Zheng, Shilian and Shang, Junna},
  journal={Wireless Communications, IEEE Transactions on},
  volume={8},
  number={9},
  pages={4421--4425},
  year={2009},
  publisher={IEEE}
}

@inproceedings{r36,
  title={Genetic algorithm based spectrum assignment model in cognitive radio networks},
  author={Ye, Fang and Yang, Rui and Li, Yibing},
  booktitle={Information Engineering and Computer Science (ICIECS), 2010 2nd International Conference on},
  pages={1--4},
  year={2010},
  organization={IEEE}
}

@article{r360,
  title={Genetic spectrum assignment model with constraints in cognitive radio networks},
  author={Ye, Fang and Yang, Rui and Li, Yibing},
  journal={International Journal of Computer Network and Information Security (IJCNIS)},
  volume={3},
  number={4},
  pages={39},
  year={2011}
}

@inproceedings{r37,
  title={Swarm intelligence based dynamic control channel assignment in CogMesh},
  author={Chen, Tao and Zhang, Honggang and Katz, Marcos D and Zhou, Zheng},
  booktitle={Communications Workshops, 2008. ICC Workshops' 08. IEEE International Conference on},
  pages={123--128},
  year={2008},
  organization={IEEE}
}

@inproceedings{r38,
  title={A metaheuristic approach to spectrum assignment for opportunistic spectrum access},
  author={Salehinejad, Hojjat and Talebi, Siamak and Pouladi, Farhad},
  booktitle={Telecommunications (ICT), 2010 IEEE 17th International Conference on},
  pages={234--238},
  year={2010},
  organization={IEEE}
}


@inproceedings{r39,
  title={Resource Allocation with Load Balancing for Cognitive Radio Networks},
  author={Wang, Huahui and Ren, Jian and Li, Tongtong},
  booktitle={Global Telecommunications Conference (GLOBECOM 2010), 2010 IEEE},
  pages={1--5},
  year={2010},
  organization={IEEE}
}

@article{r391,
  title={Throughput-oriented channel assignment for opportunistic spectrum access networks},
  author={Salameh, Bany and Ahmad, Haythem},
  journal={Mathematical and Computer Modelling},
  volume={53},
  number={11},
  pages={2108--2118},
  year={2011},
  publisher={Elsevier}
}

@article{r410,
  title={Adaptive Bandwidth Allocation Scheme for Cognitive Radios.},
  author={Kaur, Prabhjot and Uddin, Moin and Khosla, Arun},
  journal={Int. J. Adv. Comp. Techn.},
  volume={2},
  number={2},
  pages={35--41},
  year={2010}
}

@article{r41,
  title={Centralized Dynamic Spectrum Allocation in Cognitive Radio Networks based on Fuzzy Logic and Q-Learning},
  author={Wenzhu, Zhang and Xuchen, Liu},
  journal={China Communications},
  volume={8},
  number={7},
  pages={46--54},
  year={2011},
  publisher={CHINA INST COMMUNICATIONS NO 13 WEST CHANG AN AVENUE, BEIJING, 00000, PEOPLES R CHINA}
}

@article{r42,
  title={An Agent Based Architecture for Cognitive Spectrum Management.},
  author={Ahmed, Atiq and Hassan, M Mubashir and Sohaib, Osama and Hussain, Walayat and Khan, M Qasim},
  journal={Australian Journal of Basic \& Applied Sciences},
  volume={5},
  number={12},
  year={2011}
}

@inproceedings{r43,
  title={Spectrum management of cognitive radio using multi-agent reinforcement learning},
  author={Wu, Cheng and Chowdhury, Kaushik and Di Felice, Marco and Meleis, Waleed},
  booktitle={Proceedings of the 9th International Conference on Autonomous Agents and Multiagent Systems: Industry track},
  pages={1705--1712},
  year={2010},
  organization={International Foundation for Autonomous Agents and Multiagent Systems}
}

@article{r45,
  title={An overview of genetic algorithms: Part 1. Fundamentals},
  author={Beasley, David and Martin, RR and Bull, DR},
  journal={University computing},
  volume={15},
  pages={58--58},
  year={1993},
  publisher={WHURR PUBLISHERS}
}

@article{r46,
  title={A taxonomy for the crossover operator for real-coded genetic algorithms: An experimental study},
  author={Herrera, Francisco and Lozano, Manuel and S{\'a}nchez, Ana M},
  journal={International Journal of Intelligent Systems},
  volume={18},
  number={3},
  pages={309--338},
  year={2003},
  publisher={Wiley Online Library}
}

@article{r47,
  title={Genetic algorithm performance with different selection strategies in solving TSP},
  author={Noraini, Mohd Razali and Geraghty, John},
  year={2011}
}

@inproceedings{r48,
  title={Genetic algorithm with local search for community mining in complex networks},
  author={Jin, Di and He, Dongxiao and Liu, Dayou and Baquero, Carlos},
  booktitle={Tools with Artificial Intelligence (ICTAI), 2010 22nd IEEE International Conference on},
  volume={1},
  pages={105--112},
  year={2010},
  organization={IEEE}
}

@article{r49,
  title={A comparative analysis of selection schemes used in genetic algorithms},
  author={Goldberg, David E and Deb, Kalyanmoy},
  journal={Urbana},
  volume={51},
  pages={61801--2996},
  year={1991}
}


@article{r50,
  title={Downlink channel assignment and power control for cognitive radio networks},
  author={Hoang, Anh Tuan and Liang, Ying-Chang},
  journal={Wireless Communications, IEEE Transactions on},
  volume={7},
  number={8},
  pages={3106--3117},
  year={2008},
  publisher={IEEE}
}


@incollection{r54,
  title={Optimal channel and power allocation for secondary users in cooperative cognitive radio networks},
  author={Bkassiny, Mario and Jayaweera, Sudharman K},
  booktitle={Mobile Lightweight Wireless Systems},
  pages={180--191},
  year={2010},
  publisher={Springer}
}


@article{r55,
  title={A path-centric channel assignment framework for cognitive radio wireless networks},
  author={Xin, Chunsheng and Ma, Liangping and Shen, Chien-Chung},
  journal={Mobile Networks and Applications},
  volume={13},
  number={5},
  pages={463--476},
  year={2008},
  publisher={Springer}
}

@article{r56,
  title={An overview of heuristic solution methods},
  author={Silver, Edward Allen},
  journal={Journal of the operational research society},
  volume={55},
  number={9},
  pages={936--956},
  year={2004},
  publisher={Nature Publishing Group}
}

@misc{r57,
  title={Software-defined radio},
  author={Fette, Bruce Alan},
  year={2004},
  month=dec # "~2",
  note={US Patent 20,040,242,261}
}

@article{r58,
  title={Cognitive radio networks},
  author={Devroye, Natasha and Vu, Mai and Tarokh, Vahid},
  journal={Signal Processing Magazine, IEEE},
  volume={25},
  number={6},
  pages={12--23},
  year={2008},
  publisher={IEEE}
}


@inproceedings{r59,
  title={Cognitive radio network architecture: part I--general structure},
  author={Chen, K-C and Peng, Y-J and Prasad, Neeli and Liang, Y-C and Sun, Sumei},
  booktitle={Proceedings of the 2nd international conference on Ubiquitous information management and communication},
  pages={114--119},
  year={2008},
  organization={ACM}
}

@inproceedings{r60,
  title={IEEE 802.22: the first worldwide wireless standard based on cognitive radios},
  author={Cordeiro, Carlos and Challapali, Kiran and Birru, Dagnachew and Sai Shankar, Nov},
  booktitle={New Frontiers in Dynamic Spectrum Access Networks, 2005. DySPAN 2005. 2005 First IEEE International Symposium on},
  pages={328--337},
  year={2005},
  organization={IEEE}
}

@misc{r61,
  title = {{Modifications in the basic CRCN simulator}},
  howpublished = "\url{https://sites.google.com/site/xahidbuffon/shared/DSA_CRCN}",
  note = "[Online; last accessed January-2015]"
}

@article{r62,
  title={03-322},
  author={No, FCC ET Docket},
  journal={Notice of proposed rule making and order},
  year={2003}
}

@misc{r63,
  title = {{Cognitive-networks}},
  howpublished = "\url{http://howdoesinternetwork.com/2012/cognitive-networks}",
  note = "[Online; last accessed January-2015]"
}

@misc{r64,
  title = {{Jing Zhao's research}},
  howpublished = "\url{http://www.cse.psu.edu/~juz139/research.html}",
  note = "[Online; last accessed January-2015]"
}

@misc{r65,
  title = {{Nokia Research Center}},
  howpublished = "\url{http://research.nokia.com/cognitive_radio}",
  note = "[Online; last accessed January-2015]"
}