@inproceedings{valenta2010survey,
  title={Survey on spectrum utilization in Europe: Measurements, analyses and observations},
  author={Valenta, V{\'a}clav and Mar{\v{s}}{\'a}lek, Roman and Baudoin, Genevi{\`e}ve and Villegas, Martine and Suarez, Martha and Robert, Fabien},
  booktitle={Cognitive Radio Oriented Wireless Networks \& Communications (CROWNCOM), 2010 Proceedings of the Fifth International Conference on},
  pages={1--5},
  year={2010},
  organization={IEEE}
}

@article{bahl2004reconsidering,
  title={Reconsidering wireless systems with multiple radios},
  author={Bahl, Paramvir and Adya, Atul and Padhye, Jitendra and Walman, Alec},
  journal={ACM SIGCOMM Computer Communication Review},
  volume={34},
  number={5},
  pages={39--46},
  year={2004},
  publisher={ACM}
}

@inproceedings{draves2004routing,
  title={Routing in multi-radio, multi-hop wireless mesh networks},
  author={Draves, Richard and Padhye, Jitendra and Zill, Brian},
  booktitle={Proceedings of the 10th annual international conference on Mobile computing and networking},
  pages={114--128},
  year={2004},
  organization={ACM}
}

@inproceedings{miu2005improving,
  title={Improving loss resilience with multi-radio diversity in wireless networks},
  author={Miu, Allen and Balakrishnan, Hari and Koksal, Can Emre},
  booktitle={Proceedings of the 11th annual international conference on Mobile computing and networking},
  pages={16--30},
  year={2005},
  organization={ACM}
}

@article{song2012performance,
  title={Performance analysis of probabilistic multipath transmission of video streaming traffic over multi-radio wireless devices},
  author={Song, Wei and Zhuang, Weihua},
  journal={Wireless Communications, IEEE Transactions on},
  volume={11},
  number={4},
  pages={1554--1564},
  year={2012},
  publisher={IEEE}
}

@inproceedings{khan2015towards,
  title={Towards exploiting a synergy between cognitive and multi-radio networking},
  author={Khan, Tanvir Ahmed and Hyder, Chowdhury Sayeed and Islam, ABM},
  booktitle={Wireless and Mobile Computing, Networking and Communications (WiMob), 2015 IEEE 11th International Conference on},
  pages={370--377},
  year={2015},
  organization={IEEE}
}

@inproceedings{ahmadi2012distributed,
  title={Distributed robust channel assignment for multi-radio cognitive radio networks},
  author={Ahmadi, Maryam and Zhuang, Yanyan and Pan, Jianping},
  booktitle={Vehicular Technology Conference (VTC Fall), 2012 IEEE},
  pages={1--5},
  year={2012},
  organization={IEEE}
}

@article{zhong2014capacity,
  title={Capacity analysis in multi-radio multi-channel cognitive radio networks: A small world perspective},
  author={Zhong, Xiaoxiong and Qin, Yang and Li, Li},
  journal={Wireless Personal Communications},
  volume={79},
  number={3},
  pages={2209--2225},
  year={2014},
  publisher={Springer}
}

@inproceedings{li2014deterministic,
  title={Deterministic distributed rendezvous algorithms for multi-radio cognitive radio networks},
  author={Li, Guyue and Gu, Zhaoquan and Lin, Xiao and Pu, Haosen and Hua, Qiang-sheng},
  booktitle={Proceedings of the 17th ACM international conference on Modeling, analysis and simulation of wireless and mobile systems},
  pages={313--320},
  year={2014},
  organization={ACM}
}


